
@inproceedings{art,
 author = {Leis, Viktor and Scheibner, Florian and Kemper, Alfons and Neumann, Thomas},
 title = {The ART of Practical Synchronization},
 booktitle = {Proceedings of the 12th International Workshop on Data Management on New Hardware},
 series = {DaMoN '16},
 year = {2016},
 isbn = {978-1-4503-4319-0},
 location = {San Francisco, California},
 pages = {3:1--3:8},
 articleno = {3},
 numpages = {8},
 url = {http://doi.acm.org/10.1145/2933349.2933352},
 doi = {10.1145/2933349.2933352},
 acmid = {2933352},
 publisher = {ACM},
 address = {New York, NY, USA},
} 

@article{blink,
 author = {Lehman, Philip L. and Yao, s. Bing},
 title = {Efficient Locking for Concurrent Operations on B-trees},
 journal = {ACM Trans. Database Syst.},
 issue_date = {Dec. 1981},
 volume = {6},
 number = {4},
 month = dec,
 year = {1981},
 issn = {0362-5915},
 pages = {650--670},
 numpages = {21},
 url = {http://doi.acm.org/10.1145/319628.319663},
 doi = {10.1145/319628.319663},
 acmid = {319663},
 publisher = {ACM},
 address = {New York, NY, USA},
 keywords = {B-tree, concurrenct algorithms, concurrency controls, consistencey, correctness, data structures, database, index organizations, locking protocols, multiway search trees},
} 

@inproceedings{critique,
 author = {Wang, Ziqi and Pavlo, Andrew and Lim, Hyeontaek and Leis, Viktor and Zhang, Huanchen and Kaminsky, Michael and Andersen, David G.},
 title = {Building a Bw-Tree Takes More Than Just Buzz Words},
 booktitle = {Proceedings of the 2018 International Conference on Management of Data},
 series = {SIGMOD '18},
 year = {2018},
 isbn = {978-1-4503-4703-7},
 location = {Houston, TX, USA},
 pages = {473--488},
 numpages = {16},
 url = {http://doi.acm.org/10.1145/3183713.3196895},
 doi = {10.1145/3183713.3196895},
 acmid = {3196895},
 publisher = {ACM},
 address = {New York, NY, USA},
 keywords = {bw-tree, database index, lock-free, main memory oltp, multicore},
} 

@article{bwtree,
  author    = {Justin J. Levandoski and
               Sudipta Sengupta},
  title     = {The BW-Tree: {A} Latch-Free B-Tree for Log-Structured Flash Storage},
  journal   = {{IEEE} Data Eng. Bull.},
  volume    = {36},
  number    = {2},
  pages     = {56--62},
  year      = {2013}
}


@article{occ,
 author = {Kung, H. T. and Robinson, John T.},
 title = {On Optimistic Methods for Concurrency Control},
 journal = {ACM Trans. Database Syst.},
 issue_date = {June 1981},
 volume = {6},
 number = {2},
 month = jun,
 year = {1981},
 issn = {0362-5915},
 pages = {213--226},
 numpages = {14},
 url = {http://doi.acm.org/10.1145/319566.319567},
 doi = {10.1145/319566.319567},
 acmid = {319567},
 publisher = {ACM},
 address = {New York, NY, USA},
 keywords = {concurrency controls, databases, transaction processing},
} 

@misc{cuckoo,
    title = {libcuckoo},
    howpublished = {\url{https://github.com/efficient/libcuckoo}},
}

@misc{olc,
    title = {BTreeOLC},
    howpublished = {\url{https://github.com/wangziqi2016/index-microbench/tree/master/BTreeOLC}},
}
